<?xml version="1.0" encoding="UTF-8"?><record xmlns="http://www.loc.gov/MARC21/slim" xmlns:cinclude="http://apache.org/cocoon/include/1.0" xmlns:zs="http://www.loc.gov/zing/srw/">
  <leader>00644cz  a2200157n  4500</leader>
  <controlfield tag="001">nr 96020409 </controlfield>
  <controlfield tag="003">DLC</controlfield>
  <controlfield tag="005">20080413080550.0</controlfield>
  <controlfield tag="008">960603n| acannaabn          |a aaa     c</controlfield>
  <datafield tag="010" ind1=" " ind2=" ">
    <subfield code="a">nr 96020409 </subfield>
  </datafield>
  <datafield tag="035" ind1=" " ind2=" ">
    <subfield code="a">(OCoLC)oca04093894</subfield>
  </datafield>
  <datafield tag="040" ind1=" " ind2=" ">
    <subfield code="a">NjP</subfield>
    <subfield code="b">eng</subfield>
    <subfield code="c">NjP</subfield>
    <subfield code="d">NmU</subfield>
  </datafield>
  <datafield tag="100" ind1="1" ind2=" ">
    <subfield code="a">Stoica, S.</subfield>
  </datafield>
  <datafield tag="400" ind1="1" ind2=" ">
    <subfield code="a">Stoica, Sabin</subfield>
  </datafield>
  <datafield tag="670" ind1=" " ind2=" ">
    <subfield code="a">Double-beta decay and related topics, c1996:</subfield>
    <subfield code="b">t.p. (S. Stoica) p. 382 (Dept. of Theoretical Phys., Inst. of Atomic Phys., Bucharest, Romania)</subfield>
  </datafield>
  <datafield tag="670" ind1=" " ind2=" ">
    <subfield code="a">Exotic nuclei and nuclear/particle astrophysics (II), 2008:</subfield>
    <subfield code="b">t.p. (Sabin Stoica; Horia Hulubei Nat. Inst. of Physics and Nuclear Engr., Bucharest-Magurele, Romania)</subfield>
  </datafield>
</record>